@article{araujo2015,
	author = {Rodolfo Araujo},
	title = {Trends in the Use of Design Thinking for Embedded Systems},
	journal = {2015 15th International Conference on Computational Science and Its Applications (ICCSA)},
	volume = {00},
	number = {},
	issn = {},
	year = {2015},
	pages = {82-86},
	doi = {doi.ieeecomputersociety.org/10.1109/ICCSA.2015.25},
	publisher = {IEEE Computer Society},
	address = {Los Alamitos, CA, USA},
}
@misc{Vagner2017,
	author = {Vagner, Oliveira},
	keywords = {Design Thinking},
	title = {{Design Thinking}},
	url = {https://prezi.com/9eoaze2lipzl/design-thinking/},
	urldate = {2017-09-29},
	year = {2017}
}
@misc{Endeavor2017,
	author = {Endeavor},
	title = {{Design Thinking: o que {\'{e}} e como aplicar | Endeavor Brasil}},
	url = {https://endeavor.org.br/design-thinking-inovacao/},
	urldate = {2017-09-29},
	year = {2017}
}
@book{Brown2009,
	abstract = {1st ed. Illustrations on end papers. Shows how the techniques and strategies of design belong at every level of business, in the first book to detail IDEO's internationally recognized Design Thinking process. The myth of innovation is that brilliant ideas leap fully formed from the minds of geniuses. The reality is that most innovations come from a process of rigorous examination through which great ideas are identified and developed before being realized as new offerings and capabilities. This book introduces the idea of design thinking, the collaborative process by which the designer聞s sensibilities and methods are employed to match people聞s needs not only with what is technically feasible and a viable business strategy. In short, design thinking converts need into demand. It聞s a human-centered approach to problem solving that helps people and organizations become more innovative and more creative. Design thinking is not just applicable to so-called creative industries or people who work in the design field. It聞s a methodology that has been used by organizations such as Kaiser Permanente to increase the quality of patient care by re-examining the ways that their nurses manage shift change, or Kraft to rethink supply chain management. This is not a book by designers for designers; this is a book for creative leaders seeking to infuse design thinking into every level of an organization, product, or service to drive new alternatives for business and society. -- Publisher description from http://www.harpercollins.com (Oct. 5, 2011). Getting under your skin, or, How design thinking is about more than style -- Converting need into demand, or, Putting people first -- A mental matrix, or, "These people have no process!" -- Building to think, or, The power of prototyping -- Returning to the surface, or, The design of experiences -- Spreading the message, or, The importance of storytelling -- Design thinking meets the corporation, or, Teaching to fish -- The new social contract, or, We're all in this together -- Design activism, or, Inspiring solutions with global potential -- Designing tomorrow--today.},
	author = {designer) Brown, Tim (Industrial and Katz, Barry.},
	isbn = {9780061766084},
	publisher = {Harper Business},
	title = {{Change by design : how design thinking transforms organizations and inspires innovation}},
	url = {https://designthinking.ideo.com/},
	year = {2009}
}
@misc{TimBrown,
	author = {{Tim Brown}},
	title = {{Design Thinking}},
	url = {https://hbr.org/2008/06/design-thinking},
	urldate = {2017-09-26}
}
@book{Porter1990,
	abstract = {The reception of the book and the role it has played in launching a new field, however, exceeded my most optimistic expectations. Most business school students around the world are exposed to the ideas in the book, invariably in core courses on policy or strategy, but often in specialized elective courses on competitive strategy and also in fields such as economics, marketing, technology management, and information systems. Practitioners in both large and small companies have internalized the ideas, as I learn from numerous thoughtful letters, personal conversations, and now E-mails. Most strategic consultants use the ideas in the book, and entire firms have emerged to assist companies in employing them. Budding financial analysts must read the book prior to certification},
	author = {{Michael E. Porter}},
	file = {:C$\backslash$:/Users/manuel.robalinho/AppData/Local/Mendeley Ltd./Mendeley Desktop/Downloaded/Michael E. Porter - Unknown - COMPETITIVE STRATEGY.pdf:pdf},
	pages = {379},
	publisher = {THE FREE PRESS - A division of Simon Schuster Inc},
	title = {{COMPETITIVE STRATEGY}},
	url = {http://www.vnseameo.org/ndbmai/CS.pdf},
	year = {1990}
}
@book{Tzu1772,
	abstract = {Pouco importa saber se Sun Tzu existiu ou {\'{e}} uma figura lend{\'{a}}ria. O fato
	{\'{e}} que um texto que remonta {\`{a}} turbulenta {\'{e}}poca dos Estados Guerreiros da
	China, h{\'{a}} quase dois mil anos, chegou at{\'{e}} n{\'{o}}s, trazendo as ideias de um
	filosofo estrategista que certamente comandou e venceu muitas batalhas, se
	acreditarmos no comentarista Se-Ma Ts'ien, do s{\'{e}}culo I a.C, cujo texto
	apresentamos mais adiante. },
	author = {Tzu, Sun},
	booktitle = {Cole{\c{c}}{\~{a}}o L{\&}PM Pocket},
	file = {:C$\backslash$:/Users/manuel.robalinho/AppData/Local/Mendeley Ltd./Mendeley Desktop/Downloaded/Tzu - 1772 - A ARTE DA GUERRA.pdf:pdf},
	isbn = {85.254.1059-4},
	publisher = {L{\&}PM Editores, 2000 },
	title = {{A ARTE DA GUERRA}},
	url = {www.lpm.com.br},
	year = {1772}
}
@book{Simon1996,
	abstract = {As the Earth has made more than 5,000 rotations since The Sciences of the Artificial was last revised, in 1981, it is time to ask what changes in our understanding of the world call for changes in the text.},
	author = {{Herbert A. Simon}},
	file = {:C$\backslash$:/Users/manuel.robalinho/AppData/Local/Mendeley Ltd./Mendeley Desktop/Downloaded/Herbert A. Simon - 1996 - The Sciences of the Artificial.pdf:pdf},
	isbn = {9780262193740},
	pages = {241},
	publisher = {Massachusetts Institute of Technology},
	title = {{The Sciences of the Artificial}},
	url = {https://monoskop.org},
	year = {1996}
}
@book{Drucker1986,
	abstract = {o livro de Peter Drucker tem uma meta clara: discutir as pr{\'{a}}ticas de empreendimentos bem-sucedidos e o papel da ci{\^{e}}ncia da administra{\c{c}}{\~{a}}o na con-50lida{\c{c}}{\~{a}}o desse sucesso. A melhor proposta do livro {\'{e}} o conceito de "admi-nistra{\c{c}}{\~{a}}o empreendedora" como um meio a mais pelo qual os empreendimentos, deste o n{\'{i}}vel micro, nas fases iniciais de cria{\c{c}}{\~{a}}o da empresa, podem come{\c{c}}ar a possibilitar o cultivo de comportamentos voltados para o sucesso. Considero-a a melhor proposta porque n{\~{a}}o {\'{e}} comum que o empreendedor d{\^{e}} import{\^{a}}ncia {\`{a}} "administra{\c{c}}{\~{a}}o", sobretudo nas primeiras fases do seu neg{\'{o}}cio. Esta atividade profissional, pelo menos no Brasil, assume ares de import{\^{a}}ncia depois que a em-presa cresce ou o empreendedor come{\c{c}}a a ter seus objetivos de sucesso prejudi-cados pela improvisa{\c{c}}{\~{a}}o na condu{\c{c}}{\~{a}}o dos seus neg{\'{o}}cios. Apenas por este {\^{a}}ngulo o livro j{\'{a}} {\'{e}} de indiscut{\'{i}}vel validade. experi{\^{e}}ncias, sentimentos, pontos de vista sobre um aspecto sumamente impor-tante no mundo dos neg{\'{o}}cios: a administra{\c{c}}{\~{a}}o de pequenos e m{\'{e}}dios empre-endimentos. A primeira unidade intitula-se A pr{\'{a}}tica da inova{\c{c}}{\~{a}}o; a segunda, A pr{\'{a}}tica do empreendimento; a {\'{u}}ltima parte est{\'{a}} reservada a Estrat{\'{e}}gias empreendedoras. Na conclus{\~{a}}o, o autor aborda a sociedade empreendedora. Na verdade, este cap{\'{i}}tulo n{\~{a}}o constitui uma conclus{\~{a}}o e sim um acr{\'{e}}scimo de id{\'{e}}ias defendidas por ele desde o in{\'{i}}cio do texto. As conclus{\~{o}}es ficam por conta do leitor e, neste sentido, o livro ajuda bastante, porque uma das caracter{\'{i}}sticas de Peter Drucker {\'{e}} ser bastante did{\'{a}}tico. A leitura, portanto, deste livro, {\'{e}} agrad{\'{a}}vel, pois Drucker tem uma outra caracter{\'{i}}stica como escritor: a de se comunicar numa linguagem simples, informal e objetiva, apesar de, neste livro, pecar um pouco pela verbaliza{\c{c}}{\~{a}}o excessiva. A linguagem utilizada neste livro torna-se mais agrad{\'{a}}vel e motivadora pelo n{\'{u}}mero de exemplos e casos que o autor cita para ilustrar seus conceitos e pontos de vista. Esta qualidade se reveste de import{\^{a}}n-cia no Brasil, onde os autores de Administra{\c{c}}{\~{a}}o t{\^{e}}m uma tend{\^{e}}ncia a elaborar textos "frios", sem viv{\^{e}}ncias e sem casos nacionais. Rev. Adm. p{\'{u}}bl.,},
	author = {Drucker, Peter F.},
	file = {:C$\backslash$:/Users/manuel.robalinho/AppData/Local/Mendeley Ltd./Mendeley Desktop/Downloaded/Unknown - Unknown - RESENHA BIBLIOGRAFICA(2).pdf:pdf},
	isbn = {8522100853},
	pages = {378},
	publisher = {THOMSON PIONEIRA},
	title = {{Inova{\c{c}}{\~{a}}o e esp{\'{i}}rito empreendedor}},
	url = {http://bibliotecadigital.fgv.br/ojs/index.php/rap/article/viewFile/9758/8780},
	year = {1986}
}
@misc{Thomas2017,
	author = {{Thomas Lockwood}},
	title = {{New book: Innovation by Design | Lockwood Resource}},
	url = {http://lockwoodresource.com/new-book-innovation-by-design/},
	urldate = {2017-09-29},
	year = {2017}
}
@book{Brown2008,
	author = {Brown, Tim},
	publisher = {Review, Harvard Business},
	file = {:C$\backslash$:/Users/manuel.robalinho/AppData/Local/Mendeley Ltd./Mendeley Desktop/Downloaded/Brown - Unknown - Design Thinking.pdf:pdf},
	title = {{Design Thinking}},
	url = {www.hbr.org},
	year = {2008}
}
@book{Cross2011,
	abstract = {"Design thinking is the core creative process for any designer; this book explores and explains this apparently mysterious 'design ability'. Focusing on what designers do when they design, Design Thinking is structured around a series of in-depth case studies of outstanding and expert designers at work, interwoven with overviews and analyses. The range covered reflects the breadth of design, from hardware and software design, to architecture and Formula One. The book offers new insights and understanding of design thinking, based on evidence from observation and investigation of design practice. Design Thinking is the distillation of the work of one of design's most influential thinkers. Nigel Cross goes to the heart of what it means to think and work as a designer. The book is an ideal guide for anyone who wants to be a designer or to know how good designers work in the field of contemporary design"-- Design ability -- Designing to win -- Designing to please -- How designers think -- Designing to use -- Designing together -- How designers work -- Design expertise.},
	author = {Cross, Nigel},
	file = {:C$\backslash$:/Users/manuel.robalinho/AppData/Local/Mendeley Ltd./Mendeley Desktop/Downloaded/Cross - Unknown - Design Thinking.pdf:pdf},
	isbn = {1847886361},
	pages = {163},
	publisher = {Publishers, Berg},
	title = {{Design thinking : understanding how designers think and work}},
	url = {https://designpracticesandparadigms.files.wordpress.com/2013/01/wk1{\_}cross{\_}designthinking.pdf},
	year = {2011}
}
@book{ARTSEDUCATIONCOLLABORATIVE2016,
	author = {ARTS EDUCATION COLLABORATIVE},
	publisher = {{ART EDUCATION COLLABORATIVE}},
	file = {:C$\backslash$:/Users/manuel.robalinho/AppData/Local/Mendeley Ltd./Mendeley Desktop/Downloaded/Cross - Unknown - Design Thinking Understanding How Designers Think and Work.pdf:pdf},
	pages = {6},
	title = {{Design Thinking: Understanding How Designers Think and Work}},
	url = {http://www.artsedcollaborative.org/wp-content/uploads/2016/02/Translations-Issue-5{\_}single-pages.pdf},
	year = {2016}
}
@article{Buchanan1992,
	abstract = {Despite efforts to discover the foundations of design thinking in
	the fine arts, the natural sciences, or most recently, the social sciences,
	design eludes reduction and remains a surprisingly flexible
	activity. No single definition of design, or branches of professionalized
	practice such as industrial or graphic design, adequately
	covers the diversity of ideas and methods gathered together under
	the label. Indeed, the variety of research reported in conference
	papers, journal articles, and books suggests that design continues
	to expand in its meanings and connections, revealing unexpected
	dimensions in practice as well as understanding. This follows the
	trend of design thinking in the twentieth century, for we have seen
	design grow from a trade activity to a segmentedprofession to afield
	for technical research and to what now should be recognized as a
	new liberal art of technological culture. },
	author = {Buchanan, Richard},
	file = {:C$\backslash$:/Users/manuel.robalinho/AppData/Local/Mendeley Ltd./Mendeley Desktop/Downloaded/Buchanan - 1992 - Wicked Problems in Design Thinking(2).pdf:pdf},
	journal = {Source: Design Issues},
	number = {2},
	pages = {5--21},
	publisher = {The MIT Press},
	title = {{Wicked Problems in Design Thinking}},
	url = {http://www.jstor.org http://www.jstor.org http://www.jstor.org http://www.jstor.org},
	volume = {8},
	year = {1992}
}
@misc{Hashimoto,
	abstract = {Conceito criado por CEO da Ideo prop{\~{o}}e caminhos para pensar o produto fora dos modelos tradicionai},
	author = {{Marcos Hashimoto}},
	booktitle = {Pequenas empresas e grandes neg{\'{o}}cios},
	title = {{Voc{\^{e}} sabe o que {\'{e}} design thinking?}},
	url = {http://revistapegn.globo.com/Revista/Common/0,,ERT317168-17141,00.html},
	urldate = {2017-09-30},
	year = {2017}
}
@book{Niemeyer2000,
	abstract = {Como observa Niemeyer, "a maioria dos trabalhos sobre design se inicia pela conceitua{\c{c}}{\~{a}}o da profiss{\~{a}}o. Talvez esse tipo de ocorr{\^{e}}ncia n{\^{a}}o se d{\^{e}} em outras {\'{a}}reas, mesmo mais novas, como a inform{\'{a}}tica e o marketing. Acreditamos que esta recorr{\^{e}}ncia adv{\'{e}}m do fato de que cada autor precise, de in{\'{i}}cio, explicitar sua concep{\c{c}}{\~{a}}o da profiss{\~{a}}o e descrever os compromissos que est{\~{a}}o im- pl{\'{i}}citos na sua pr{\'{a}}tica profis sional". Cabe mencionar, como cita Niemeyer, que "ao longo do tempo u design tem sido entendido segundo tr{\^{e}}s tipos distintos de pr{\'{a}}ti- ca e conhecimento.},
	address = {Rio Janeiro},
	author = {Niemeyer, Lucy},
	file = {:C$\backslash$:/Users/manuel.robalinho/Google Drive/Pessoal/UPT{\_}Portucalense/DS{\_}Desenvolvimento Software/Trabalho{\_}Design Thinking/106744574-Design-no-Brasil-Origens-e-Instalacao-Lucy-Niemeyer.pdf:pdf},
	isbn = {8586695025},
	keywords = {Design Thinking},
	mendeley-tags = {Design Thinking},
	publisher = {Editora, 2AB},
	title = {{Design no Brasil: origens e instala{\c{c}}{\~{a}}o}},
	volume = {27},
	year = {2000}
}
@article{Wanderley2012,
	author = {Wanderley, Vera},
	file = {:C$\backslash$:/Users/manuel.robalinho/AppData/Local/Mendeley Ltd./Mendeley Desktop/Downloaded/Wanderley - Unknown - INTRODU{\c{C}}{\~{A}}O AO DESIGN DE INTERIORES.pdf:pdf},
	journal = {IESP},
	keywords = {Design},
	title = {{Introdu{\c{c}}{\~{a}}o ao Design de Interiores}},
	url = {http://www.iesp.edu.br/iesp/downloads/posgraduacao/edi02/Profa. Vera Vanderlei - Introdu{\c{c}}{\~{a}}o/Aula 1 - ORIGENS E SIGNIFICADO DO TERMO DESIGN.pdf},
	year = {2012}
}
@misc{WDO,
	title = {{World Design Organization}},
	year = {1973},
	url = {http://wdo.org/about/history/ http://wdo.org/},
	urldate = {2017-09-30}
}