@article{araujo2015,
	author = {Rodolfo Araujo},
	title = {Trends in the Use of Design Thinking for Embedded Systems},
	journal = {2015 15th International Conference on Computational Science and Its Applications (ICCSA)},
	volume = {00},
	number = {},
	issn = {},
	year = {2015},
	pages = {82-86},
	doi = {doi.ieeecomputersociety.org/10.1109/ICCSA.2015.25},
	publisher = {IEEE Computer Society},
	address = {Los Alamitos, CA, USA},
}
@misc{Vagner2017,
	author = {Vagner, Oliveira},
	keywords = {Design Thinking},
	title = {{Design Thinking}},
	url = {https://prezi.com/9eoaze2lipzl/design-thinking/},
	urldate = {2017-09-29},
	year = {2017}
}
@misc{Endeavor2017,
	author = {Endeavor},
	title = {{Design Thinking: o que {\'{e}} e como aplicar | Endeavor Brasil}},
	url = {https://endeavor.org.br/design-thinking-inovacao/},
	urldate = {2017-09-29},
	year = {2017}
}
@book{Brown2009,
	author = {designer) Brown, Tim (Industrial and Katz, Barry.},
	isbn = {9780061766084},
	publisher = {Harper Business},
	title = {{Change by design : how design thinking transforms organizations and inspires innovation}},
	url = {https://designthinking.ideo.com/},
	year = {2009}
}
@misc{TimBrown,
	author = {Tim Brown},
	title = {{Design Thinking}},
	url = {https://hbr.org/2008/06/design-thinking},
	urldate = {2017-09-26}
}
@book{Porter1990,
	author = {Michael E. Porter},
	file = {:C$\backslash$:/Users/manuel.robalinho/AppData/Local/Mendeley Ltd./Mendeley Desktop/Downloaded/Michael E. Porter - Unknown - COMPETITIVE STRATEGY.pdf:pdf},
	pages = {379},
	publisher = {THE FREE PRESS - A division of Simon Schuster Inc},
	title = {{COMPETITIVE STRATEGY}},
	url = {http://www.vnseameo.org/ndbmai/CS.pdf},
	year = {1990}
}
@book{Tzu1772,
	author = {Tzu, Sun},
	booktitle = {Cole{\c{c}}{\~{a}}o L{\&}PM Pocket},
	file = {:C$\backslash$:/Users/manuel.robalinho/AppData/Local/Mendeley Ltd./Mendeley Desktop/Downloaded/Tzu - 1772 - A ARTE DA GUERRA.pdf:pdf},
	isbn = {85.254.1059-4},
	publisher = {L{\&}PM Editores, 2000 },
	title = {{A ARTE DA GUERRA}},
	url = {www.lpm.com.br},
	year = {1772}
}
@book{Simon1996,
	author = {Herbert A. Simon},
	file = {:C$\backslash$:/Users/manuel.robalinho/AppData/Local/Mendeley Ltd./Mendeley Desktop/Downloaded/Herbert A. Simon - 1996 - The Sciences of the Artificial.pdf:pdf},
	isbn = {9780262193740},
	pages = {241},
	publisher = {Massachusetts Institute of Technology},
	title = {{The Sciences of the Artificial}},
	url = {https://monoskop.org},
	year = {1996}
}
@book{Drucker1986,
	author = {Drucker, Peter F.},
	file = {:C$\backslash$:/Users/manuel.robalinho/AppData/Local/Mendeley Ltd./Mendeley Desktop/Downloaded/Unknown - Unknown - RESENHA BIBLIOGRAFICA(2).pdf:pdf},
	isbn = {8522100853},
	pages = {378},
	publisher = {THOMSON PIONEIRA},
	title = {{Inova{\c{c}}{\~{a}}o e esp{\'{i}}rito empreendedor}},
	url = {http://bibliotecadigital.fgv.br/ojs/index.php/rap/article/viewFile/9758/8780},
	year = {1986}
}
@misc{Thomas2017,
	author = {Thomas Lockwood},
	title = {{New book: Innovation by Design | Lockwood Resource}},
	url = {http://lockwoodresource.com/new-book-innovation-by-design/},
	urldate = {2017-09-29},
	year = {2017}
}
@book{Brown2008,
	author = {Brown, Tim},
	publisher = {Review, Harvard Business},
	file = {:C$\backslash$:/Users/manuel.robalinho/AppData/Local/Mendeley Ltd./Mendeley Desktop/Downloaded/Brown - Unknown - Design Thinking.pdf:pdf},
	title = {{Design Thinking}},
	url = {www.hbr.org},
	year = {2008}
}
@book{Cross2011,
	author = {Cross, Nigel},
	file = {:C$\backslash$:/Users/manuel.robalinho/AppData/Local/Mendeley Ltd./Mendeley Desktop/Downloaded/Cross - Unknown - Design Thinking.pdf:pdf},
	isbn = {1847886361},
	pages = {163},
	publisher = {Publishers, Berg},
	title = {{Design thinking : understanding how designers think and work}},
	url = {https://designpracticesandparadigms.files.wordpress.com/2013/01/wk1{\_}cross{\_}designthinking.pdf},
	year = {2011}
}
@book{ARTSEDUCATIONCOLLABORATIVE2016,
	author = {ARTS EDUCATION COLLABORATIVE},
	publisher = {{ART EDUCATION COLLABORATIVE}},
	file = {:C$\backslash$:/Users/manuel.robalinho/AppData/Local/Mendeley Ltd./Mendeley Desktop/Downloaded/Cross - Unknown - Design Thinking Understanding How Designers Think and Work.pdf:pdf},
	pages = {6},
	title = {{Design Thinking: Understanding How Designers Think and Work}},
	url = {http://www.artsedcollaborative.org/wp-content/uploads/2016/02/Translations-Issue-5{\_}single-pages.pdf},
	year = {2016}
}
@article{Buchanan1992,
	author = {Buchanan, Richard},
	file = {:C$\backslash$:/Users/manuel.robalinho/AppData/Local/Mendeley Ltd./Mendeley Desktop/Downloaded/Buchanan - 1992 - Wicked Problems in Design Thinking(2).pdf:pdf},
	journal = {Source: Design Issues},
	number = {2},
	pages = {5--21},
	publisher = {The MIT Press},
	title = {{Wicked Problems in Design Thinking}},
	url = {http://www.jstor.org http://www.jstor.org http://www.jstor.org http://www.jstor.org},
	volume = {8},
	year = {1992}
}
@misc{Hashimoto,
	author = {{Marcos Hashimoto}},
	booktitle = {Pequenas empresas e grandes neg{\'{o}}cios},
	title = {{Voc{\^{e}} sabe o que {\'{e}} design thinking?}},
	url = {http://revistapegn.globo.com/Revista/Common/0,,ERT317168-17141,00.html},
	urldate = {2017-09-30},
	year = {2017}
}
@book{Niemeyer2000,
	author = {Niemeyer, Lucy},
	address = {Rio Janeiro},
	file = {:C$\backslash$:/Users/manuel.robalinho/Google Drive/Pessoal/UPT{\_}Portucalense/DS{\_}Desenvolvimento Software/Trabalho{\_}Design Thinking/106744574-Design-no-Brasil-Origens-e-Instalacao-Lucy-Niemeyer.pdf:pdf},
	isbn = {8586695025},
	keywords = {Design Thinking},
	mendeley-tags = {Design Thinking},
	publisher = {Editora, 2AB},
	title = {{Design no Brasil origens e instala{\c{c}}{\~{a}}o}},
	volume = {27},
	year = {2000}
}
@misc{Wanderley2012,
	abstract = {Introdu{\c{c}}{\~{a}}o ao Design de Interiores},
	author = {Wanderley, Prof{\textordfeminine} Vera},
	booktitle = {IESP},
	institution = {IESP},
	keywords = {Design},
	pages = {27},
	title = {{Introdu{\c{c}}{\~{a}}o ao Design de Interiores}},
	url = {http://www.iesp.edu.br/iesp/downloads/posgraduacao/edi02/Profa. Vera Vanderlei - Introdu{\c{c}}{\~{a}}o/Aula 1 - ORIGENS E SIGNIFICADO DO TERMO DESIGN.pdf},
	year = {2012}
}
@misc{WDO,
    author = {World Design, Organization},
	title = {{World Design Organization}},
	year = {1973},
	url = {http://wdo.org/about/history/ http://wdo.org/},
	urldate = {2017-09-30}
}
@book{EllenLupton2013,
	abstract = {Design Thinking},
	author = {Ellen Lupton},
	file = {:C$\backslash$:/Users/manuel.robalinho/Google Drive/Pessoal/UPT{\_}Portucalense/DS{\_}Desenvolvimento Software/Trabalho{\_}Design Thinking/239279258-Acao-intuicao-criacao-Design-Thinking-Ellen-Lupton-pdf.pdf:pdf},
	isbn = {978-85-65985-04-8},
	keywords = {Design Thinking},
	publisher = {Editorial, Gustavo Gilli},
	pages = {188},
	title = {{Acao, intuicao, criacao - Design Thinking}},
	year = {2013}
}
@inproceedings{Vianna2012,
	abstract = {Resumo: Este artigo apresenta um case de uso da metodologia Design Thinking em uma disciplina de um curso de gradua{\c{c}}{\~{a}}o. O Design Thinking visa proporcionar uma inova{\c{c}}{\~{a}}o na forma de pensar, composta por um ciclo de etapas que compreendem inspira{\c{c}}{\~{a}}o, idea{\c{c}}{\~{a}}o e implementa{\c{c}}{\~{a}}o. Partindo do princ{\'{i}}pio de que atualmente tem-se mostrado em ascens{\~{a}}o o termo inova{\c{c}}{\~{a}}o em conjunto com o grande n{\'{u}}mero de Startups e a grande procura das empresas para se adaptar as novas tecnologias e criar diferenciais competitivos no meio em que atuam. Como experimento foi utilizado o design thinking em uma disciplina de Criatividade e Inova{\c{c}}{\~{a}}o na Gradua{\c{c}}{\~{a}}o de Sistemas de Informa{\c{c}}{\~{a}}o para gera{\c{c}}{\~{a}}o de ideias de projetos, e nesse artigo s{\~{a}}o apresentados alguns resultados dessa aplica{\c{c}}{\~{a}}o. Palavras-chave: Design Thinking, Inova{\c{c}}{\~{a}}o, Startups. Abstract: This paper presents the Design Thinking methodology that aims to provide a breakthrough in thinking, consisting of a cycle of steps that include inspiration, ideation and implementation. Assuming that it has currently shown on the rise to the term innovation together with the large number of startups and large enterprises looking to adapt new technologies and create competitive advantages in the environment in which they operate. As the experiment, design thinking was used in a course on Creativity and Innovation in Undergraduate Information Systems for generating project ideas, and in this article some results of this application are presented.},
	author = {Vianna, Mauricio},
	booktitle = {12th INTERNATIONAL CONFERENCE ON INFORMATION SYSTEMS {\&} TECHNOLOGY MANAGEMENT - CONTECSI Um},
	file = {:C$\backslash$:/Users/manuel.robalinho/AppData/Local/Mendeley Ltd./Mendeley Desktop/Downloaded/Unknown - Unknown - Um estudo de caso do uso de Design Thinking para gera{\c{c}}{\~{a}}o e prototipa{\c{c}}{\~{a}}o de ideias no ensino superior.pdf:pdf},
	keywords = {Design Thinking,Innovatio,Startups},
	title = {{Um estudo de caso do uso de Design Thinking para gera{\c{c}}{\~{a}}o e prototipa{\c{c}}{\~{a}}o de ideias no ensino superior}},
	url = {http://www.contecsi.fea.usp.br/envio/index.php/contecsi/12CONTECSI/paper/viewFile/3240/2451},
	year = {2012}
}
@article{FutureJournal2016,
	abstract = {RESUMO Neste artigo apresenta-se um caso de uso do Design Thinking em uma disciplina de curso de gradua{\c{c}}{\~{a}}o. O Design Thinking, que visa proporcionar uma inova{\c{c}}{\~{a}}o na forma de pensar, {\'{e}} composto por um ciclo de etapas que compreendem inspira{\c{c}}{\~{a}}o, idea{\c{c}}{\~{a}}o e implementa{\c{c}}{\~{a}}o. Atualmente o termo inova{\c{c}}{\~{a}}o tem-se mostrado em ascens{\~{a}}o em conjunto com o grande n{\'{u}}mero de startups e a intensa procura das empresas para adaptar-se {\`{a}}s novas tecnologias e criar diferenciais competitivos no meio em que atuam. Como experimento, foi utilizado o Design Thinking na disciplina de Criatividade e Inova{\c{c}}{\~{a}}o, na gradua{\c{c}}{\~{a}}o de Sistemas de Informa{\c{c}}{\~{a}}o, sendo executados os passos de imers{\~{a}}o, projeto, prot{\'{o}}tipo e valida{\c{c}}{\~{a}}o, com o objetivo de gerar ideias de servi{\c{c}}os inexistentes ou deficit{\'{a}}rios no campus da faculdade e que poderiam ser oferecidos por terceiros. Ap{\'{o}}s a descri{\c{c}}{\~{a}}o das etapas do experimento, s{\~{a}}o apresentados alguns resultados qualitativos e quantitativos e previs{\~{o}}es para trabalhos futuros. PALAVRAS-CHAVE: Design thinking. Inova{\c{c}}{\~{a}}o. Startups.},
	author = {Future Journal, Editor and {Terence Coulter Wright}, James and {Rodrigo de Quadros Martins}, Amilton and {Guilherme Signori}, Gl{\'{a}}uber and {Rodrigues dos Santos Capellari}, M{\'{a}}rcia and {Spinello Sotille}, Suellen and Kalil, Fahad},
	file = {:C$\backslash$:/Users/manuel.robalinho/Google Drive/Pessoal/UPT{\_}Portucalense/DS{\_}Desenvolvimento Software/Trabalho{\_}Design Thinking/227-1121-3-PB{\_}Uso de Design Thinking como Experi{\^{e}}ncia de Prototipa{\c{c}}{\~{a}}o de Ideias.pdf:pdf},
	journal = {Future Journal},
	keywords = {Design thinking. Inova{\c{c}}{\~{a}}o. Startups},
	pages = {208--224},
	title = {{PROFUTURO: PROGRAMA DE ESTUDOS DO FUTURO Uso de Design Thinking como Experi{\^{e}}ncia de Prototipa{\c{c}}{\~{a}}o de Ideias no Ensino Superior}},
	year = {2016}
}
@misc{Cook2013,
	author = {Cook, Tim},
	booktitle = {TECMUNDO},
	title = {{Tim Cook: Nokia foi vendida porque n{\~{a}}o inovou e "n{\~{a}}o inovar {\'{e}} morrer"}},
	url = {https://www.tecmundo.com.br/tim-cook/44697-tim-cook-nokia-foi-vendida-porque-nao-inovou-e-nao-inovar-e-morrer-.htm},
	year = {2013}
}
@misc{TimBrown2008,
	author = {Brown, Tim},
	title = {{Resenha - Design Thinking, de Tim Brown | Segunda Opini{\~{a}}o | Pol{\'{i}}tica e Ideias}},
	url = {http://segundaopiniao.jor.br/resenha-design-thinking-de-tim-brown/},
	urldate = {2017-09-30},
	year = {2008}
}
@misc{TimeMJV2017,
	author = {Time MJV},
	title = {{Como o Design Thinking pode melhorar a experi{\^{e}}ncia de pacientes em hospitais}},
	url = {http://blog.mjv.com.br/como-o-design-thinking-pode-melhorar-a-experiencia-de-pacientes-em-hospitais},
	urldate = {2017-10-01},
	year = {2017}
}
@book{Vianna,
	abstract = {Resumo:O artigo desenvolvido a seguir faz um estudo explorat{\'{o}}rio que pretende trazer um apanhado cr{\'{i}}tico da literatura existente sobre os assuntos propostos, apresentando os conceitos estabelecidos sobre criatividade, inova{\c{c}}{\~{a}}o, as diversas formas de pensamento e de solu{\c{c}}{\~{a}}o de problemas, bem como um pequeno conjunto de casos ilustrativos para a melhor compreens{\~{a}}o do problema. Palavras Chave: Design Thinking -Inova{\c{c}}{\~{a}}o -Criatividade -Gest{\~{a}}o de Neg{\'{o}}cios -1. INTRODU{\c{C}}{\~{A}}O Em entrevista para o jornal brit{\^{a}}nico The Guardian (Cartner-Morley, 2012), o designer de cal{\c{c}}ados Manolo Blahnik afirmou que na d{\'{e}}cada de setenta decidiu reintroduzir o salto agulha em cal{\c{c}}ados femininos, terminando com mais de uma d{\'{e}}cada de predom{\'{i}}nio dos saltos anabela e de plataforma, que ele reputava como horrorosos e pouco femininos. Na concep{\c{c}}{\~{a}}o do designer, saltos agulha s{\~{a}}o muito mais sensuais e elegantes por que alongam as pernas femininas. Entretanto, durante o desfile de lan{\c{c}}amento de sua nova cole{\c{c}}{\~{a}}o, o estilista deparou-se com um quase fiasco, na medida em que suas modelos bamboleavam sobre os saltos tornados flex{\'{i}}veis dos sapatos muito altos. A despeito de parte da cr{\'{i}}tica e do p{\'{u}}blico terem entendido que se tratava de uma nova forma de as modelos se movimentarem na passarela, Blahnik percebeu que tinha que resolver o problema de estruturar seus sapatos ou correr o risco de acidentes mais graves. A sa{\'{i}}da foi embutir uma alma com um cilindro de a{\c{c}}o dentro do salto, dando-lhe mais firmeza e permitindo o acr{\'{e}}scimo de ainda mais cent{\'{i}}metros aos mesmos. N{\~{a}}o {\'{e}} surpresa que seus sapatos femininos est{\~{a}}o entre os objetos de desejo das mulheres de todo o mundo, com suas cria{\c{c}}{\~{o}}es de linha custando a partir de US{\$}470,00 e suas cria{\c{c}}{\~{o}}es exclusivas custando a partir de US{\$}6.000,00 A solu{\c{c}}{\~{a}}o encontrada {\'{e}} criativa, engenhosa e inovadora, mas tipicamente n{\~{a}}o se enquadra como uma solu{\c{c}}{\~{a}}o entendida como de design thinking, como se ver{\'{a}} adiante. O estilista procurou acrescentar melhorias ao salto agulha preexistente, usando para isso o que Edward de Bono (1973) chama de pensamento vertical, isto {\'{e}}, a melhor escolha de uma lista de escolhas poss{\'{i}}veis. Inovadora, revolucion{\'{a}}ria e caracter{\'{i}}stica do pensamento lateral preconizado por DeBono (1973) e do racioc{\'{i}}nio abdtutivo, explicados adiante, {\'{e}} a solu{\c{c}}{\~{a}}o encontrada para sapatos femininos de salto pela empresa Camileon. Entendendo que as mulheres querem o manifesto de moda do salto alto, necessitando tamb{\'{e}}m da comodidade de um salto mais baixo para atividades mais corriqueiras como dirigir ou ir ao mercado depois do trabalho, a empresa criou cal{\c{c}}ados com saltos retr{\'{a}}teis: o mesmo sapato pode ter um salto elegantemente alto ou confortavelmente baixo, bastando que a mulher dobre o salto sobre si mesmo, como uma l{\^{a}}mina de canivete, deixando-o escondido sob a curva formada entre o salto menos alto e a sola do peito do p{\'{e}}.},
	author = {Vianna, Maur{\'{i}}cio and Vianna, Ysmar and Adler, Isabel K and Lucena, Brenda and Russo, Beatriz and {Hanson, Dennis}, Mauricio Vianna},
	file = {:C$\backslash$:/Users/manuel.robalinho/AppData/Local/Mendeley Ltd./Mendeley Desktop/Downloaded/Vianna et al. - Unknown - Inova{\c{c}}{\~{a}}o em neg{\'{o}}cIos Design Thinking(2).pdf:pdf;:C$\backslash$:/Users/manuel.robalinho/AppData/Local/Mendeley Ltd./Mendeley Desktop/Downloaded/Vianna et al. - Unknown - Inova{\c{c}}{\~{a}}o em neg{\'{o}}cIos Design Thinking.pdf:pdf;:C$\backslash$:/Users/manuel.robalinho/AppData/Local/Mendeley Ltd./Mendeley Desktop/Downloaded/Hanson - Unknown - Design Thinking e Inova{\c{c}}{\~{a}}o.pdf:pdf;:C$\backslash$:/Users/manuel.robalinho/AppData/Local/Mendeley Ltd./Mendeley Desktop/Downloaded/Hanson, Dennis - 2012 - Design Thinking e Inova{\c{c}}{\~{a}}o.pdf:pdf},
	isbn = {978-85-65424-00-4},
	publisher = {Press, MJV},
	title = {{Inova{\c{c}}{\~{a}}o em neg{\'{o}}cIos Design Thinking}},
	url = {https://www.aedb.br/seget/arquivos/artigos13/931850.pdf https://cdn2.hubspot.net/hubfs/455690/Ofertas/E-books/Arquivos/Livro{\_}Design{\_}Thinking{\_}-{\_}Inovao{\_}Negcios.pdf},
	year = {2012}
}
@article{Drucker1954,
	abstract = {Inova{\c{c}}{\~{a}}o e marketing
	Repare-se que Drucker n{\~{a}}o diz que as empresas devem resolver os problemas que o Estado est{\'{a}} disposto a pagar. Ou que as empresas se devem posicionar para ganhar os projectos que s{\~{a}}o paix{\~{a}}o dos governantes mais poderosos em cada momento. },
	author = {Drucker, Peter},
	file = {:C$\backslash$:/Users/manuel.robalinho/Google Drive/Pessoal/UPT{\_}Portucalense/DS{\_}Desenvolvimento Software/Trabalho{\_}Design Thinking/Documentacao Design Thinking/Inova{\c{c}}{\~{a}}o e marketing - Opini{\~{a}}o - Jornal de Neg{\'{o}}cios.pdf:pdf},
	pages = {1--3},
	publisher = {WEB},
	journal = {Jornal Negocios},
	title = {{Inova{\c{c}}{\~{a}}o e marketing}},
	url = {http://www.jornaldenegocios.pt/opiniao/detalhe/inovacao{\_}e{\_}marketing},
	year = {1954}
}
